<record><leader>00000cas a22000007a 4500</leader><controlfield tag="001">33192645</controlfield><controlfield tag="008">950923d1907191uokuwr n       0    0eng d</controlfield><datafield ind1=" " ind2=" " tag="010"><subfield code="a">sn 95076123 </subfield></datafield><datafield ind1=" " ind2=" " tag="040"><subfield code="a">OBN</subfield><subfield code="b">eng</subfield><subfield code="c">OBN</subfield><subfield code="d">OCLCQ</subfield><subfield code="d">OCLCO</subfield></datafield><datafield ind1="1" ind2=" " tag="029"><subfield code="a">AU@</subfield><subfield code="b">000025853851</subfield></datafield><datafield ind1=" " ind2=" " tag="042"><subfield code="a">msc</subfield></datafield><datafield ind1=" " ind2=" " tag="043"><subfield code="a">n-us-ok</subfield></datafield><datafield ind1="0" ind2="4" tag="245"><subfield code="a">The Tryon star.</subfield></datafield><datafield ind1=" " ind2=" " tag="260"><subfield code="a">Tryon, Okla. :</subfield><subfield code="b">Geo. S. Barger</subfield></datafield><datafield ind1=" " ind2=" " tag="300"><subfield code="a">v.</subfield></datafield><datafield ind1=" " ind2=" " tag="310"><subfield code="a">Weekly</subfield></datafield><datafield ind1="0" ind2=" " tag="362"><subfield code="a">Vol. 3, no. 50 (June 6, 1907)-</subfield></datafield><datafield ind1=" " ind2="0" tag="651"><subfield code="a">Tryon (Okla.)</subfield><subfield code="v">Newspapers.</subfield></datafield><datafield ind1=" " ind2="0" tag="651"><subfield code="a">Lincoln County (Okla.)</subfield><subfield code="v">Newspapers.</subfield></datafield><datafield ind1=" " ind2=" " tag="752"><subfield code="a">United States</subfield><subfield code="b">Oklahoma</subfield><subfield code="c">Lincoln</subfield><subfield code="d">Tryon.</subfield></datafield><datafield ind1="0" ind2="0" tag="780"><subfield code="t">Fallis star</subfield><subfield code="w">(DLC)sn 93050459</subfield><subfield code="w">(OCoLC)26577551</subfield></datafield></record>